<record><leader>00000cas a22000007a 4500</leader><controlfield tag="001">2254421</controlfield><controlfield tag="008">760620d19691974nduwr ne      0    0eng d</controlfield><datafield ind1=" " ind2=" " tag="010"><subfield code="a">sn 88076565 </subfield></datafield><datafield ind1=" " ind2=" " tag="040"><subfield code="a">MUL</subfield><subfield code="b">eng</subfield><subfield code="c">MUL</subfield><subfield code="d">NOP</subfield><subfield code="d">OCL</subfield><subfield code="d">NOP</subfield><subfield code="d">OCLCQ</subfield></datafield><datafield ind1=" " ind2=" " tag="042"><subfield code="a">msc</subfield></datafield><datafield ind1="0" ind2="4" tag="245"><subfield code="a">The New Larimore leader.</subfield></datafield><datafield ind1="1" ind2="7" tag="246"><subfield code="a">Larimore leader</subfield><subfield code="f">Mar. 5, 1969-Sept. 2, 1970</subfield></datafield><datafield ind1=" " ind2=" " tag="260"><subfield code="a">Larimore, Grand Forks County, N.D. :</subfield><subfield code="b">Donald R. Jarman</subfield></datafield><datafield ind1=" " ind2=" " tag="300"><subfield code="a">6 v. :</subfield><subfield code="b">ill. ;</subfield><subfield code="c">45 cm.</subfield></datafield><datafield ind1=" " ind2=" " tag="310"><subfield code="a">Weekly</subfield></datafield><datafield ind1="0" ind2=" " tag="362"><subfield code="a">Vol. 1, no. 1 (Mar. 5, 1969)-v. 6 no. 18 (July 3, 1974).</subfield></datafield><datafield ind1=" " ind2=" " tag="500"><subfield code="a">"Official Newspaper of the City of Larimore", 1970-1974.</subfield></datafield><datafield ind1=" " ind2=" " tag="530"><subfield code="a">Available on microfilm from the State Historical Society of North Dakota.</subfield></datafield><datafield ind1=" " ind2=" " tag="752"><subfield code="a">United States</subfield><subfield code="b">North Dakota</subfield><subfield code="c">Grand Forks</subfield><subfield code="d">Larimore.</subfield></datafield><datafield ind1="0" ind2="0" tag="785"><subfield code="t">Larimore leader (Larimore, N.D. : 1974)</subfield><subfield code="w">(DLC)sn 88076566</subfield></datafield></record>